@article{cohen2017emnist,
  title={EMNIST: an extension of MNIST to handwritten letters},
  author={Cohen, Gregory and Afshar, Saeed and Tapson, Jonathan and van Schaik, Andr{\'e}},
  journal={arXiv preprint arXiv:1702.05373},
  year={2017}
}